@article{moher2012consort,
  title={CONSORT 2010 explanation and elaboration: updated guidelines for reporting parallel group randomised trials},
  author={Moher, David and Hopewell, Sally and Schulz, Kenneth F and Montori, Victor and G{\o}tzsche, Peter C and Devereaux, PJ and Elbourne, Diana and Egger, Matthias and Altman, Douglas G},
  journal={International journal of surgery},
  volume={10},
  number={1},
  pages={28--55},
  year={2012},
  publisher={Elsevier}
}

@article{allen2019raincloud,
  title={Raincloud plots: a multi-platform tool for robust data visualization},
  author={Allen, Micah and Poggiali, Davide and Whitaker, Kirstie and Marshall, Tom Rhys and Kievit, Rogier A},
  journal={Wellcome open research},
  volume={4},
  year={2019},
  publisher={The Wellcome Trust}
}