@article{heber2016web,
  title={Web-based and mobile stress management intervention for employees: a randomized controlled trial},
  author={Heber, Elena and Lehr, Dirk and Ebert, David Daniel and Berking, Matthias and Riper, Heleen},
  journal={Journal of medical Internet research},
  volume={18},
  number={1},
  pages={e5112},
  year={2016},
  publisher={JMIR Publications Inc., Toronto, Canada}
}

@book{wickham2016r,
  title={{R} for data science: import, tidy, transform, visualize, and model data},
  author={Wickham, Hadley and Grolemund, Garrett},
  year={2016},
  publisher={" O'Reilly Media, Inc."}
}

@article{sibbald1998understanding,
  title={Understanding controlled trials. Why are randomised controlled trials important?},
  author={Sibbald, Bonnie and Roland, Martin},
  journal={BMJ: British Medical Journal},
  volume={316},
  number={7126},
  pages={201},
  year={1998},
  publisher={BMJ Publishing Group}
}

@article{hariton2018randomised,
  title={Randomised controlled trials—the gold standard for effectiveness research},
  author={Hariton, Eduardo and Locascio, Joseph J},
  journal={BJOG: an international journal of obstetrics and gynaecology},
  volume={125},
  number={13},
  pages={1716},
  year={2018},
  publisher={NIH Public Access}
}

@article{lilienfeld2018randomised,
  title={Why randomised controlled trials of psychological treatments are still essential},
  author={Lilienfeld, Scott O and McKay, Dean and Hollon, Steven D},
  journal={The Lancet Psychiatry},
  volume={5},
  number={7},
  pages={536--538},
  year={2018},
  publisher={Elsevier}
}

@article{akobeng2005understanding,
  title={Understanding randomised controlled trials},
  author={Akobeng, Al K},
  journal={Archives of disease in childhood},
  volume={90},
  number={8},
  pages={840--844},
  year={2005},
  publisher={BMJ Publishing Group Ltd}
}

@article{backmann2017s,
  title={What’s in a gold standard? In defence of randomised controlled trials},
  author={Backmann, Marius},
  journal={Medicine, Health Care and Philosophy},
  volume={20},
  number={4},
  pages={513--523},
  year={2017},
  publisher={Springer}
}

@article{cartwright2011predicting,
  title={Predicting what will happen when we act. What counts for warrant?},
  author={Cartwright, Nancy},
  journal={Preventive medicine},
  volume={53},
  number={4-5},
  pages={221--224},
  year={2011},
  publisher={Elsevier}
}

@article{cartwright2007rcts,
  title={Are RCTs the gold standard?},
  author={Cartwright, Nancy},
  journal={BioSocieties},
  volume={2},
  number={1},
  pages={11--20},
  year={2007},
  publisher={Cambridge University Press}
}

@article{kaptchuk2001double,
  title={The double-blind, randomized, placebo-controlled trial: gold standard or golden calf?},
  author={Kaptchuk, Ted J},
  journal={Journal of clinical epidemiology},
  volume={54},
  number={6},
  pages={541--549},
  year={2001},
  publisher={Elsevier}
}

@article{grossman2005randomized,
  title={The randomized controlled trial: gold standard, or merely standard?},
  author={Grossman, Jason and Mackenzie, Fiona J},
  journal={Perspectives in biology and medicine},
  volume={48},
  number={4},
  pages={516--534},
  year={2005},
  publisher={Johns Hopkins University Press}
}

@book{why,
  title={The book of why: the new science of cause and effect},
  author={Pearl, Judea and Mackenzie, Dana},
  year={2018},
  publisher={Basic books}
}

@article{greenland1999causal,
  title={Causal diagrams for epidemiologic research},
  author={Greenland, Sander and Pearl, Judea and Robins, James M},
  journal={Epidemiology},
  pages={37--48},
  year={1999},
  publisher={JSTOR}
}

@book{pearl2009causality,
  title={Causality},
  author={Pearl, Judea},
  year={2009},
  publisher={Cambridge university press}
}

@article{rubin1974estimating,
  title={Estimating causal effects of treatments in randomized and nonrandomized studies.},
  author={Rubin, Donald B},
  journal={Journal of educational Psychology},
  volume={66},
  number={5},
  pages={688},
  year={1974},
  publisher={American Psychological Association}
}

@article{greenland1986identifiability,
  title={Identifiability, exchangeability, and epidemiological confounding},
  author={Greenland, Sander and Robins, James M},
  journal={International journal of epidemiology},
  volume={15},
  number={3},
  pages={413--419},
  year={1986},
  publisher={Oxford University Press}
}

@article{greenland2009identifiability,
  title={Identifiability, exchangeability and confounding revisited},
  author={Greenland, Sander and Robins, James M},
  journal={Epidemiologic Perspectives \& Innovations},
  volume={6},
  number={1},
  pages={1--9},
  year={2009},
  publisher={BioMed Central}
}

@book{lehmann2011fisher,
  title={Fisher, Neyman, and the creation of classical statistics},
  author={Lehmann, Erich L},
  year={2011},
  publisher={Springer Science \& Business Media}
}

@article{moher2012consort,
  title={CONSORT 2010 explanation and elaboration: updated guidelines for reporting parallel group randomised trials},
  author={Moher, David and Hopewell, Sally and Schulz, Kenneth F and Montori, Victor and G{\o}tzsche, Peter C and Devereaux, PJ and Elbourne, Diana and Egger, Matthias and Altman, Douglas G},
  journal={International journal of surgery},
  volume={10},
  number={1},
  pages={28--55},
  year={2012},
  publisher={Elsevier}
}

@article{altman1985comparability,
  title={Comparability of randomised groups},
  author={Altman, Douglas G},
  journal={Journal of the Royal Statistical Society: Series D (The Statistician)},
  volume={34},
  number={1},
  pages={125--136},
  year={1985},
  publisher={Wiley Online Library}
}

@article{de2015testing,
  title={Testing for baseline differences in randomized controlled trials: an unhealthy research behavior that is hard to eradicate},
  author={De Boer, Michiel R and Waterlander, Wilma E and Kuijper, Lothar DJ and Steenhuis, Ingrid HM and Twisk, Jos WR},
  journal={International Journal of Behavioral Nutrition and Physical Activity},
  volume={12},
  number={1},
  pages={1--8},
  year={2015},
  publisher={BioMed Central}
}

@article{austin2010substantial,
  title={A substantial and confusing variation exists in handling of baseline covariates in randomized controlled trials: a review of trials published in leading medical journals},
  author={Austin, Peter C and Manca, Andrea and Zwarenstein, Merrick and Juurlink, David N and Stanbrook, Matthew B},
  journal={Journal of clinical epidemiology},
  volume={63},
  number={2},
  pages={142--153},
  year={2010},
  publisher={Elsevier}
}

@article{schumi2011through,
  title={Through the looking glass: understanding non-inferiority},
  author={Schumi, Jennifer and Wittes, Janet T},
  journal={Trials},
  volume={12},
  number={1},
  pages={1--12},
  year={2011},
  publisher={BioMed Central}
}

@article{smit2006costs,
  title={Costs of nine common mental disorders: implications for curative and preventive psychiatry},
  author={Smit, HFE and Cuijpers, Pim and Oostenbrink, Jan and Batelaan, NM and de Graaf, Ron and Beekman, AJ},
  journal={The journal of mental health policy and economics},
  volume={9},
  number={4},
  pages={193--200},
  year={2006},
  publisher={ICMPE}
}

@article{andersson2009internet,
  title={Internet-based and other computerized psychological treatments for adult depression: a meta-analysis},
  author={Bandersson, Gerhard and Cuijpers, Pim},
  journal={Cognitive behaviour therapy},
  volume={38},
  number={4},
  pages={196--205},
  year={2009},
  publisher={Taylor \& Francis}
}

@book{arendt1989leben,
  title={Vom Leben des Geistes, Band 2, Das Wollen. Aus dem Amerikanischen von Hermann Vetter},
  author={Arendt, Hannah},
  year={1989},
  publisher={Piper}
}


@book{orchard1972missing,
  title={A missing information principle: theory and applications},
  author={Orchard, Terence and Woodbury, Max A},
  booktitle={Theory of Statistics},
  pages={697--716},
  year={1972},
  publisher={University of California Press}
}


@article{palmer2018systematic,
  title={A systematic review and development of a classification framework for factors associated with missing patient-reported outcome data},
  author={Palmer, Michael J and Mercieca-Bebber, Rebecca and King, Madeleine and Calvert, Melanie and Richardson, Harriet and Brundage, Michael},
  journal={Clinical trials},
  volume={15},
  number={1},
  pages={95--106},
  year={2018},
  publisher={SAGE Publications Sage UK: London, England}
}


@article{wood2004missing,
  title={Are missing outcome data adequately handled? A review of published randomized controlled trials in major medical journals},
  author={Wood, Angela M and White, Ian R and Thompson, Simon G},
  journal={Clinical trials},
  volume={1},
  number={4},
  pages={368--376},
  year={2004},
  publisher={Sage Publications Sage CA: Thousand Oaks, CA}
}


@article{akl2015reporting,
  title={Reporting missing participant data in randomised trials: systematic survey of the methodological literature and a proposed guide},
  author={Akl, Elie A and Shawwa, Khaled and Kahale, Lara A and Agoritsas, Thomas and Brignardello-Petersen, Romina and Busse, Jason W and Carrasco--Labra, Alonso and Ebrahim, Shanil and Johnston, Bradley C and Neumann, Ignacio and others},
  journal={BMJ open},
  volume={5},
  number={12},
  pages={e008431},
  year={2015},
  publisher={British Medical Journal Publishing Group}
}

@book{vanbuuren,
  title={Flexible imputation of missing data},
  author={Van Buuren, Stef},
  year={2018},
  publisher={CRC press}
}

@article{von2007strengthening,
  title={The Strengthening the Reporting of Observational Studies in Epidemiology (STROBE) statement: guidelines for reporting observational studies},
  author={Von Elm, Erik and Altman, Douglas G and Egger, Matthias and Pocock, Stuart J and G{\o}tzsche, Peter C and Vandenbroucke, Jan P},
  journal={Bulletin of the World Health Organization},
  volume={85},
  pages={867--872},
  year={2007},
  publisher={SciELO Public Health}
}

@article{schulz2010consort,
  title={CONSORT 2010 statement: updated guidelines for reporting parallel group randomised trials},
  author={Schulz, Kenneth F and Altman, Douglas G and Moher, David},
  journal={Trials},
  volume={11},
  number={1},
  pages={1--8},
  year={2010},
  publisher={BioMed Central}
}

@article{sterne2009multiple,
  title={Multiple imputation for missing data in epidemiological and clinical research: potential and pitfalls},
  author={Sterne, Jonathan AC and White, Ian R and Carlin, John B and Spratt, Michael and Royston, Patrick and Kenward, Michael G and Wood, Angela M and Carpenter, James R},
  journal={Bmj},
  volume={338},
  year={2009},
  publisher={British Medical Journal Publishing Group}
}

@article{rubin1976inference,
  title={Inference and missing data},
  author={Rubin, Donald B},
  journal={Biometrika},
  volume={63},
  number={3},
  pages={581--592},
  year={1976},
  publisher={Oxford University Press}
}

@book{harrer2021doing,
      title     = {Doing Meta-Analysis With {R}: A Hands-On Guide},
      author    = {Harrer, Mathias and Cuijpers, Pim and Furukawa Toshi A and Ebert, David D},
      year      = {2021},
      publisher = {Chapman & Hall/CRC Press},
      address   = {Boca Raton, FL and London},
      isbn      = {9780367610074},
      edition   = {1st}
    }
    
@book{little2019statistical,
  title={Statistical analysis with missing data},
  author={Little, Roderick JA and Rubin, Donald B},
  volume={793},
  year={2019},
  publisher={John Wiley \& Sons}
}

@article{bell2014handling,
  title={Handling missing data in RCTs; a review of the top medical journals},
  author={Bell, Melanie L and Fiero, Mallorie and Horton, Nicholas J and Hsu, Chiu-Hsieh},
  journal={BMC medical research methodology},
  volume={14},
  number={1},
  pages={1--8},
  year={2014},
  publisher={BioMed Central}
}

@article{pedersen2017missing,
  title={Missing data and multiple imputation in clinical epidemiological research},
  author={Pedersen, Alma B and Mikkelsen, Ellen M and Cronin-Fenton, Deirdre and Kristensen, Nickolaj R and Pham, Tra My and Pedersen, Lars and Petersen, Irene},
  journal={Clinical epidemiology},
  volume={9},
  pages={157},
  year={2017},
  publisher={Dove Press}
}

@article{mallinckrodt2004choice,
  title={Choice of the primary analysis in longitudinal clinical trials},
  author={Mallinckrodt, Craig H and Watkin, John G and Molenberghs, Geert and Carroll, Raymond J},
  journal={Pharmaceutical Statistics: The Journal of Applied Statistics in the Pharmaceutical Industry},
  volume={3},
  number={3},
  pages={161--169},
  year={2004},
  publisher={Wiley Online Library}
}

@article{molenberghs2004analyzing,
  title={Analyzing incomplete longitudinal clinical trial data},
  author={Molenberghs, Geert and Thijs, Herbert and Jansen, Ivy and Beunckens, Caroline and Kenward, Michael G and Mallinckrodt, Craig and Carroll, Raymond J},
  journal={Biostatistics},
  volume={5},
  number={3},
  pages={445--464},
  year={2004},
  publisher={Oxford University Press}
}


@book{heckman1976common,
  title={The common structure of statistical models of truncation, sample selection and limited dependent variables and a simple estimator for such models},
  author={Heckman, James J},
  booktitle={Annals of economic and social measurement, volume 5, number 4},
  pages={475--492},
  year={1976},
  publisher={NBER}
}


@article{little1988test,
  title={A test of missing completely at random for multivariate data with missing values},
  author={Little, Roderick JA},
  journal={Journal of the American statistical Association},
  volume={83},
  number={404},
  pages={1198--1202},
  year={1988},
  publisher={Taylor \& Francis}
}

@article{carpenter2013analysis,
  title={Analysis of longitudinal trials with protocol deviation: a framework for relevant, accessible assumptions, and inference via multiple imputation},
  author={Carpenter, James R and Roger, James H and Kenward, Michael G},
  journal={Journal of biopharmaceutical statistics},
  volume={23},
  number={6},
  pages={1352--1371},
  year={2013},
  publisher={Taylor \& Francis}
}

@misc{rubin1987multiple,
  title={Multiple imputation for survey nonresponse},
  author={Rubin, Donald B},
  year={1987},
  publisher={New York: Wiley}
}

@article{van2011mice,
  title={mice: Multivariate imputation by chained equations in R},
  author={Van Buuren, Stef and Groothuis-Oudshoorn, Karin},
  journal={Journal of statistical software},
  volume={45},
  number={1},
  pages={1--67},
  year={2011}
}


@article{white2011multiple,
  title={Multiple imputation using chained equations: issues and guidance for practice},
  author={White, Ian R and Royston, Patrick and Wood, Angela M},
  journal={Statistics in medicine},
  volume={30},
  number={4},
  pages={377--399},
  year={2011},
  publisher={Wiley Online Library}
}


@article{morris2014tuning,
  title={Tuning multiple imputation by predictive mean matching and local residual draws},
  author={Morris, Tim P and White, Ian R and Royston, Patrick},
  journal={BMC medical research methodology},
  volume={14},
  number={1},
  pages={1--13},
  year={2014},
  publisher={Springer}
}

@book{schafer1997analysis,
  title={Analysis of incomplete multivariate data},
  author={Schafer, Joseph L},
  year={1997},
  publisher={CRC press}
}

@article{kleinke2017multiple,
  title={Multiple imputation under violated distributional assumptions: A systematic evaluation of the assumed robustness of predictive mean matching},
  author={Kleinke, Kristian},
  journal={Journal of Educational and Behavioral Statistics},
  volume={42},
  number={4},
  pages={371--404},
  year={2017},
  publisher={Sage Publications Sage CA: Los Angeles, CA}
}

@book{vanbuuren,
  title={Flexible imputation of missing data},
  author={Van Buuren, Stef},
  year={2018},
  publisher={CRC press}
}

@article{van2011mice,
  title={mice: Multivariate imputation by chained equations in R},
  author={Van Buuren, Stef and Groothuis-Oudshoorn, Karin},
  journal={Journal of statistical software},
  volume={45},
  number={1},
  pages={1--67},
  year={2011}
}

@misc{rubin1987multiple,
  title={Multiple imputation for survey nonresponse},
  author={Rubin, Donald B},
  year={1987},
  publisher={New York: Wiley}
}

@article{barnard1999miscellanea,
  title={Miscellanea. Small-sample degrees of freedom with multiple imputation},
  author={Barnard, John and Rubin, Donald B},
  journal={Biometrika},
  volume={86},
  number={4},
  pages={948--955},
  year={1999},
  publisher={Oxford University Press}
}

@article{grund2021pooling,
  title={Pooling methods for likelihood ratio tests in multiply imputed data sets},
  author={Grund, Simon and L{\"u}dtke, Oliver and Robitzsch, Alexander},
  year={2021},
  journal={PsyArXiv},
  publisher={PsyArXiv}
}

@article{marshall2010comparison,
  title={Comparison of techniques for handling missing covariate data within prognostic modelling studies: a simulation study},
  author={Marshall, Andrea and Altman, Douglas G and Royston, Patrick and Holder, Roger L},
  journal={BMC medical research methodology},
  volume={10},
  number={1},
  pages={1--16},
  year={2010},
  publisher={BioMed Central}
}

@book{wickham2019advanced,
  title={Advanced {R}},
  author={Wickham, Hadley},
  year={2019},
  publisher={chapman and hall/CRC}
}

@misc{purrr,
    title = {purrr: Functional Programming Tools},
    author = {Lionel Henry and Hadley Wickham},
    year = {2020},
    note = {R package version 0.3.4},
    url = {https://CRAN.R-project.org/package=purrr},
}

@misc{montgomery,
  title={Design and Analysis of Experiments},
  author={Montgomery, Douglas},
  year={1997},
  publisher={John Wiley}
}

@book{dunn2018generalized,
  title={Generalized linear models},
  author={Dunn, Peter K and Smyth, Gordon K},
  year={2018},
  publisher={Springer}
}

@misc{harrell1, 
  title = {Statistical Errors in the Medical Literature},
  author = {Harrell, Frank},
  year = {2021},
  url = {https://www.fharrell.com/post/errmed/}
}

@article{hernandez2004covariate,
  title={Covariate adjustment in randomized controlled trials with dichotomous outcomes increases statistical power and reduces sample size requirements},
  author={Hern{\'a}ndez, Adri{\'a}n V and Steyerberg, Ewout W and Habbema, J Dik F},
  journal={Journal of clinical epidemiology},
  volume={57},
  number={5},
  pages={454--460},
  year={2004},
  publisher={Elsevier}
}

@article{assmann2000subgroup,
  title={Subgroup analysis and other (mis) uses of baseline data in clinical trials},
  author={Assmann, Susan F and Pocock, Stuart J and Enos, Laura E and Kasten, Linda E},
  journal={The Lancet},
  volume={355},
  number={9209},
  pages={1064--1069},
  year={2000},
  publisher={Elsevier}
}

@article {Kahane5840,
	author = {Kahan, Brennan C and Morris, Tim P},
	title = {Reporting and analysis of trials using stratified randomisation in leading medical journals: review and reanalysis},
	volume = {345},
	elocation-id = {e5840},
	year = {2012},
	doi = {10.1136/bmj.e5840},
	publisher = {BMJ Publishing Group Ltd},
	URL = {https://www.bmj.com/content/345/bmj.e5840},
	eprint = {https://www.bmj.com/content/345/bmj.e5840.full.pdf},
	journal = {BMJ}
}

@misc{ema,
  title = {Guideline on adjustment for baseline covariates in clinical trials},
  author = {{EMA}},
  year = {2015},
  url = {https://www.ema.europa.eu/en/documents/scientific-guideline/guideline-adjustment-baseline  -covariates-clinical-trials_en.pdf}
}

@misc{mitml,
    title = {mitml: Tools for Multiple Imputation in Multilevel Modeling},
    author = {Simon Grund and Alexander Robitzsch and Oliver Luedtke},
    year = {2021},
    note = {R package version 0.4-2},
    url = {https://CRAN.R-project.org/package=mitml},
}
  
@article{zahra2010reliable,
  title={The reliable change index: Why isn’t it more popular in academic psychology},
  author={Zahra, Daniel and Hedge, Craig},
  journal={Psychology Postgraduate Affairs Group Quarterly},
  volume={76},
  number={76},
  pages={14--19},
  year={2010},
  publisher={Citeseer}
}

@article{wise2004methods,
  title={Methods for analyzing psychotherapy outcomes: A review of clinical significance, reliable change, and recommendations for future directions},
  author={Wise, Edward A},
  journal={Journal of personality assessment},
  volume={82},
  number={1},
  pages={50--59},
  year={2004},
  publisher={Taylor \& Francis}
}

@article{jacobson1991clinical,
  title={Clinical significance: A statistical approach to defining meaningful change in psychotherapy research.},
  author={Jacobson, Neil S and Truax, Paula},
  journal={Journal of Consulting and Clinical Psychology},
  volume={59},
  number={1},
  pages={12},
  year={1991},
  publisher={American Psychological Association}
}

@article{kroenke2001phq,
  title={The PHQ-9: validity of a brief depression severity measure},
  author={Kroenke, Kurt and Spitzer, Robert L and Williams, Janet BW},
  journal={Journal of general internal medicine},
  volume={16},
  number={9},
  pages={606--613},
  year={2001},
  publisher={Wiley Online Library}
}

@article{jacobson1984psychotherapy,
  title={Psychotherapy outcome research: Methods for reporting variability and evaluating clinical significance},
  author={Jacobson, Neil S and Follette, William C and Revenstorf, Dirk},
  journal={Behavior therapy},
  volume={15},
  number={4},
  pages={336--352},
  year={1984},
  publisher={Elsevier}
}

@article{altman1998confidence,
  title={Confidence intervals for the number needed to treat},
  author={Altman, Douglas G},
  journal={Bmj},
  volume={317},
  number={7168},
  pages={1309--1312},
  year={1998},
  publisher={British Medical Journal Publishing Group}
}

@book{harrer2021doing,
      title     = {Doing Meta-Analysis With {R}: A Hands-On Guide},
      author    = {Harrer, Mathias and Cuijpers, Pim and Furukawa, Toshi and Ebert, David},
      year      = {2021},
      publisher = {Chapman & Hall/CRC Press},
      address   = {Boca Raton, FL and London},
      isbn      = {9780367610074},
      edition   = {1st}
}

@misc{westfall,
  title = {Five different {“Cohen’s d”} statistics for within-subject designs},
  author = {Westfall, Jake},
  howpublished = {\url{http://jakewestfall.org/blog/index.php/2016/03/25/five-different-cohens-d-statistics-for-within-subject-designs/}},
  note = {Accessed: 2021-11-04},
  year = {2016}
}

@article{moher2012consort,
  title={CONSORT 2010 explanation and elaboration: updated guidelines for reporting parallel group randomised trials},
  author={Moher, David and Hopewell, Sally and Schulz, Kenneth F and Montori, Victor and G{\o}tzsche, Peter C and Devereaux, PJ and Elbourne, Diana and Egger, Matthias and Altman, Douglas G},
  journal={International journal of surgery},
  volume={10},
  number={1},
  pages={28--55},
  year={2012},
  publisher={Elsevier}
}

@article{allen2019raincloud,
  title={Raincloud plots: a multi-platform tool for robust data visualization},
  author={Allen, Micah and Poggiali, Davide and Whitaker, Kirstie and Marshall, Tom Rhys and Kievit, Rogier A},
  journal={Wellcome open research},
  volume={4},
  year={2019},
  publisher={The Wellcome Trust}
}


@article{li2017introduction,
  title={An introduction to multiplicity issues in clinical trials: the what, why, when and how},
  author={Li, Guowei and Taljaard, Monica and Van den Heuvel, Edwin R and Levine, Mitchell AH and Cook, Deborah J and Wells, George A and Devereaux, Philip J and Thabane, Lehana},
  journal={International journal of epidemiology},
  year={2017}
}

@article{vickerstaff2019methods,
  title={Methods to adjust for multiple comparisons in the analysis and sample size calculation of randomised controlled trials with multiple primary outcomes},
  author={Vickerstaff, Victoria and Omar, Rumana Z and Ambler, Gareth},
  journal={BMC medical research methodology},
  volume={19},
  number={1},
  pages={1--13},
  year={2019},
  publisher={BioMed Central}
}

@article{holm1979simple,
  title={A simple sequentially rejective multiple test procedure},
  author={Holm, Sture},
  journal={Scandinavian journal of statistics},
  pages={65--70},
  year={1979},
  publisher={JSTOR}
}

@article{knottnerus2001ethics,
  title={The ethics of sample size:: Two-sided testing and one-sided thinking},
  author={Knottnerus, J Andr{\'e} and Bouter, Lex M},
  journal={Journal of Clinical Epidemiology},
  volume={54},
  number={2},
  pages={109--110},
  year={2001},
  publisher={Elsevier}
}

@article{dunnett1996alternative,
  title={An alternative to the use of two-sided tests in clinical trials},
  author={Dunnett, Charles W and Gent, Michael},
  journal={Statistics in medicine},
  volume={15},
  number={16},
  pages={1729--1738},
  year={1996},
  publisher={Wiley Online Library}
}

@book{xie2018r,
  title={R markdown: The definitive guide},
  author={Xie, Yihui and Allaire, Joseph J and Grolemund, Garrett},
  year={2018},
  publisher={CRC Press}
}

@article{li2017introduction,
  title={An introduction to multiplicity issues in clinical trials: the what, why, when and how},
  author={Li, Guowei and Taljaard, Monica and Van den Heuvel, Edwin R and Levine, Mitchell AH and Cook, Deborah J and Wells, George A and Devereaux, Philip J and Thabane, Lehana},
  journal={International journal of epidemiology},
  year={2017}
}

@article{vickerstaff2019methods,
  title={Methods to adjust for multiple comparisons in the analysis and sample size calculation of randomised controlled trials with multiple primary outcomes},
  author={Vickerstaff, Victoria and Omar, Rumana Z and Ambler, Gareth},
  journal={BMC medical research methodology},
  volume={19},
  number={1},
  pages={1--13},
  year={2019},
  publisher={BioMed Central}
}

@article{holm1979simple,
  title={A simple sequentially rejective multiple test procedure},
  author={Holm, Sture},
  journal={Scandinavian journal of statistics},
  pages={65--70},
  year={1979},
  publisher={JSTOR}
}

@article{knottnerus2001ethics,
  title={The ethics of sample size:: Two-sided testing and one-sided thinking},
  author={Knottnerus, J Andr{\'e} and Bouter, Lex M},
  journal={Journal of Clinical Epidemiology},
  volume={54},
  number={2},
  pages={109--110},
  year={2001},
  publisher={Elsevier}
}

@article{dunnett1996alternative,
  title={An alternative to the use of two-sided tests in clinical trials},
  author={Dunnett, Charles W and Gent, Michael},
  journal={Statistics in medicine},
  volume={15},
  number={16},
  pages={1729--1738},
  year={1996},
  publisher={Wiley Online Library}
}

@misc{westfall,
  title = {Five different {“Cohen’s d”} statistics for within-subject designs},
  author = {Westfall, Jake},
  howpublished = {\url{http://jakewestfall.org/blog/index.php/2016/03/25/five-different-cohens-d-statistics-for-within-subject-designs/}},
  note = {Accessed: 2021-11-04},
  year = {2016}
}

@misc{rouder,
  title = {The Effect-Size Puzzler, The Answer},
  author = {Rouder, Jeff},
  howpublished = {\url{https://web.archive.org/web/20200212203059/http://jeffrouder.blogspot.com/2016/03/the-effect-size-puzzler-answer.html}},
  note = {Accessed: 2021-11-05},
  year = {2016}
}
