@article{smit2006costs,
  title={Costs of nine common mental disorders: implications for curative and preventive psychiatry},
  author={Smit, HFE and Cuijpers, Pim and Oostenbrink, Jan and Batelaan, NM and de Graaf, Ron and Beekman, AJ},
  journal={The journal of mental health policy and economics},
  volume={9},
  number={4},
  pages={193--200},
  year={2006},
  publisher={ICMPE}
}

@article{andersson2009internet,
  title={Internet-based and other computerized psychological treatments for adult depression: a meta-analysis},
  author={Bandersson, Gerhard and Cuijpers, Pim},
  journal={Cognitive behaviour therapy},
  volume={38},
  number={4},
  pages={196--205},
  year={2009},
  publisher={Taylor \& Francis}
}

@book{arendt1989leben,
  title={Vom Leben des Geistes, Band 2, Das Wollen. Aus dem Amerikanischen von Hermann Vetter},
  author={Arendt, Hannah},
  year={1989},
  publisher={Piper}
}


@incollection{orchard1972missing,
  title={A missing information principle: theory and applications},
  author={Orchard, Terence and Woodbury, Max A},
  booktitle={Theory of Statistics},
  pages={697--716},
  year={1972},
  publisher={University of California Press}
}


@article{palmer2018systematic,
  title={A systematic review and development of a classification framework for factors associated with missing patient-reported outcome data},
  author={Palmer, Michael J and Mercieca-Bebber, Rebecca and King, Madeleine and Calvert, Melanie and Richardson, Harriet and Brundage, Michael},
  journal={Clinical trials},
  volume={15},
  number={1},
  pages={95--106},
  year={2018},
  publisher={SAGE Publications Sage UK: London, England}
}