@book{vanbuuren,
  title={Flexible imputation of missing data},
  author={Van Buuren, Stef},
  year={2018},
  publisher={CRC press}
}

@article{van2011mice,
  title={mice: Multivariate imputation by chained equations in R},
  author={Van Buuren, Stef and Groothuis-Oudshoorn, Karin},
  journal={Journal of statistical software},
  volume={45},
  number={1},
  pages={1--67},
  year={2011}
}

@misc{rubin1987multiple,
  title={Multiple imputation for survey nonresponse},
  author={Rubin, Donald B},
  year={1987},
  publisher={New York: Wiley}
}