@article{smit2006costs,
  title={Costs of nine common mental disorders: implications for curative and preventive psychiatry},
  author={Smit, HFE and Cuijpers, Pim and Oostenbrink, Jan and Batelaan, NM and de Graaf, Ron and Beekman, AJ},
  journal={The journal of mental health policy and economics},
  volume={9},
  number={4},
  pages={193--200},
  year={2006},
  publisher={ICMPE}
}

@article{andersson2009internet,
  title={Internet-based and other computerized psychological treatments for adult depression: a meta-analysis},
  author={Bandersson, Gerhard and Cuijpers, Pim},
  journal={Cognitive behaviour therapy},
  volume={38},
  number={4},
  pages={196--205},
  year={2009},
  publisher={Taylor \& Francis}
}

@book{arendt1989leben,
  title={Vom Leben des Geistes, Band 2, Das Wollen. Aus dem Amerikanischen von Hermann Vetter},
  author={Arendt, Hannah},
  year={1989},
  publisher={Piper}
}