@article{smit2006costs,
  title={Costs of nine common mental disorders: implications for curative and preventive psychiatry},
  author={Smit, HFE and Cuijpers, Pim and Oostenbrink, Jan and Batelaan, NM and de Graaf, Ron and Beekman, AJ},
  journal={The journal of mental health policy and economics},
  volume={9},
  number={4},
  pages={193--200},
  year={2006},
  publisher={ICMPE}
}

@article{andersson2009internet,
  title={Internet-based and other computerized psychological treatments for adult depression: a meta-analysis},
  author={Bandersson, Gerhard and Cuijpers, Pim},
  journal={Cognitive behaviour therapy},
  volume={38},
  number={4},
  pages={196--205},
  year={2009},
  publisher={Taylor \& Francis}
}

@book{arendt1989leben,
  title={Vom Leben des Geistes, Band 2, Das Wollen. Aus dem Amerikanischen von Hermann Vetter},
  author={Arendt, Hannah},
  year={1989},
  publisher={Piper}
}


@incollection{orchard1972missing,
  title={A missing information principle: theory and applications},
  author={Orchard, Terence and Woodbury, Max A},
  booktitle={Theory of Statistics},
  pages={697--716},
  year={1972},
  publisher={University of California Press}
}


@article{palmer2018systematic,
  title={A systematic review and development of a classification framework for factors associated with missing patient-reported outcome data},
  author={Palmer, Michael J and Mercieca-Bebber, Rebecca and King, Madeleine and Calvert, Melanie and Richardson, Harriet and Brundage, Michael},
  journal={Clinical trials},
  volume={15},
  number={1},
  pages={95--106},
  year={2018},
  publisher={SAGE Publications Sage UK: London, England}
}


@article{wood2004missing,
  title={Are missing outcome data adequately handled? A review of published randomized controlled trials in major medical journals},
  author={Wood, Angela M and White, Ian R and Thompson, Simon G},
  journal={Clinical trials},
  volume={1},
  number={4},
  pages={368--376},
  year={2004},
  publisher={Sage Publications Sage CA: Thousand Oaks, CA}
}


@article{akl2015reporting,
  title={Reporting missing participant data in randomised trials: systematic survey of the methodological literature and a proposed guide},
  author={Akl, Elie A and Shawwa, Khaled and Kahale, Lara A and Agoritsas, Thomas and Brignardello-Petersen, Romina and Busse, Jason W and Carrasco--Labra, Alonso and Ebrahim, Shanil and Johnston, Bradley C and Neumann, Ignacio and others},
  journal={BMJ open},
  volume={5},
  number={12},
  pages={e008431},
  year={2015},
  publisher={British Medical Journal Publishing Group}
}

@book{vanbuuren,
  title={Flexible imputation of missing data},
  author={Van Buuren, Stef},
  year={2018},
  publisher={CRC press}
}

@article{von2007strengthening,
  title={The Strengthening the Reporting of Observational Studies in Epidemiology (STROBE) statement: guidelines for reporting observational studies},
  author={Von Elm, Erik and Altman, Douglas G and Egger, Matthias and Pocock, Stuart J and G{\o}tzsche, Peter C and Vandenbroucke, Jan P},
  journal={Bulletin of the World Health Organization},
  volume={85},
  pages={867--872},
  year={2007},
  publisher={SciELO Public Health}
}

@article{schulz2010consort,
  title={CONSORT 2010 statement: updated guidelines for reporting parallel group randomised trials},
  author={Schulz, Kenneth F and Altman, Douglas G and Moher, David},
  journal={Trials},
  volume={11},
  number={1},
  pages={1--8},
  year={2010},
  publisher={BioMed Central}
}

@article{sterne2009multiple,
  title={Multiple imputation for missing data in epidemiological and clinical research: potential and pitfalls},
  author={Sterne, Jonathan AC and White, Ian R and Carlin, John B and Spratt, Michael and Royston, Patrick and Kenward, Michael G and Wood, Angela M and Carpenter, James R},
  journal={Bmj},
  volume={338},
  year={2009},
  publisher={British Medical Journal Publishing Group}
}

@article{rubin1976inference,
  title={Inference and missing data},
  author={Rubin, Donald B},
  journal={Biometrika},
  volume={63},
  number={3},
  pages={581--592},
  year={1976},
  publisher={Oxford University Press}
}

@book{harrer2021doing,
      title     = {Doing Meta-Analysis With {R}: A Hands-On Guide},
      author    = {Harrer, Mathias and Cuijpers, Pim and Furukawa Toshi A and Ebert, David D},
      year      = {2021},
      publisher = {Chapman & Hall/CRC Press},
      address   = {Boca Raton, FL and London},
      isbn      = {9780367610074},
      edition   = {1st}
    }
    
@book{little2019statistical,
  title={Statistical analysis with missing data},
  author={Little, Roderick JA and Rubin, Donald B},
  volume={793},
  year={2019},
  publisher={John Wiley \& Sons}
}

@article{bell2014handling,
  title={Handling missing data in RCTs; a review of the top medical journals},
  author={Bell, Melanie L and Fiero, Mallorie and Horton, Nicholas J and Hsu, Chiu-Hsieh},
  journal={BMC medical research methodology},
  volume={14},
  number={1},
  pages={1--8},
  year={2014},
  publisher={BioMed Central}
}

@article{pedersen2017missing,
  title={Missing data and multiple imputation in clinical epidemiological research},
  author={Pedersen, Alma B and Mikkelsen, Ellen M and Cronin-Fenton, Deirdre and Kristensen, Nickolaj R and Pham, Tra My and Pedersen, Lars and Petersen, Irene},
  journal={Clinical epidemiology},
  volume={9},
  pages={157},
  year={2017},
  publisher={Dove Press}
}

@article{mallinckrodt2004choice,
  title={Choice of the primary analysis in longitudinal clinical trials},
  author={Mallinckrodt, Craig H and Watkin, John G and Molenberghs, Geert and Carroll, Raymond J},
  journal={Pharmaceutical Statistics: The Journal of Applied Statistics in the Pharmaceutical Industry},
  volume={3},
  number={3},
  pages={161--169},
  year={2004},
  publisher={Wiley Online Library}
}

@article{molenberghs2004analyzing,
  title={Analyzing incomplete longitudinal clinical trial data},
  author={Molenberghs, Geert and Thijs, Herbert and Jansen, Ivy and Beunckens, Caroline and Kenward, Michael G and Mallinckrodt, Craig and Carroll, Raymond J},
  journal={Biostatistics},
  volume={5},
  number={3},
  pages={445--464},
  year={2004},
  publisher={Oxford University Press}
}


@incollection{heckman1976common,
  title={The common structure of statistical models of truncation, sample selection and limited dependent variables and a simple estimator for such models},
  author={Heckman, James J},
  booktitle={Annals of economic and social measurement, volume 5, number 4},
  pages={475--492},
  year={1976},
  publisher={NBER}
}


@article{little1988test,
  title={A test of missing completely at random for multivariate data with missing values},
  author={Little, Roderick JA},
  journal={Journal of the American statistical Association},
  volume={83},
  number={404},
  pages={1198--1202},
  year={1988},
  publisher={Taylor \& Francis}
}

@article{carpenter2013analysis,
  title={Analysis of longitudinal trials with protocol deviation: a framework for relevant, accessible assumptions, and inference via multiple imputation},
  author={Carpenter, James R and Roger, James H and Kenward, Michael G},
  journal={Journal of biopharmaceutical statistics},
  volume={23},
  number={6},
  pages={1352--1371},
  year={2013},
  publisher={Taylor \& Francis}
}

@misc{rubin1987multiple,
  title={Multiple imputation for survey nonresponse},
  author={Rubin, Donald B},
  year={1987},
  publisher={New York: Wiley}
}

@article{van2011mice,
  title={mice: Multivariate imputation by chained equations in R},
  author={Van Buuren, Stef and Groothuis-Oudshoorn, Karin},
  journal={Journal of statistical software},
  volume={45},
  number={1},
  pages={1--67},
  year={2011}
}


@article{white2011multiple,
  title={Multiple imputation using chained equations: issues and guidance for practice},
  author={White, Ian R and Royston, Patrick and Wood, Angela M},
  journal={Statistics in medicine},
  volume={30},
  number={4},
  pages={377--399},
  year={2011},
  publisher={Wiley Online Library}
}


@article{morris2014tuning,
  title={Tuning multiple imputation by predictive mean matching and local residual draws},
  author={Morris, Tim P and White, Ian R and Royston, Patrick},
  journal={BMC medical research methodology},
  volume={14},
  number={1},
  pages={1--13},
  year={2014},
  publisher={Springer}
}

@book{schafer1997analysis,
  title={Analysis of incomplete multivariate data},
  author={Schafer, Joseph L},
  year={1997},
  publisher={CRC press}
}

@article{kleinke2017multiple,
  title={Multiple imputation under violated distributional assumptions: A systematic evaluation of the assumed robustness of predictive mean matching},
  author={Kleinke, Kristian},
  journal={Journal of Educational and Behavioral Statistics},
  volume={42},
  number={4},
  pages={371--404},
  year={2017},
  publisher={Sage Publications Sage CA: Los Angeles, CA}
}

@book{wickham2016r,
  title={R for data science: import, tidy, transform, visualize, and model data},
  author={Wickham, Hadley and Grolemund, Garrett},
  year={2016},
  publisher={" O'Reilly Media, Inc."}
}