@article{li2017introduction,
  title={An introduction to multiplicity issues in clinical trials: the what, why, when and how},
  author={Li, Guowei and Taljaard, Monica and Van den Heuvel, Edwin R and Levine, Mitchell AH and Cook, Deborah J and Wells, George A and Devereaux, Philip J and Thabane, Lehana},
  journal={International journal of epidemiology},
  year={2017}
}

@article{vickerstaff2019methods,
  title={Methods to adjust for multiple comparisons in the analysis and sample size calculation of randomised controlled trials with multiple primary outcomes},
  author={Vickerstaff, Victoria and Omar, Rumana Z and Ambler, Gareth},
  journal={BMC medical research methodology},
  volume={19},
  number={1},
  pages={1--13},
  year={2019},
  publisher={BioMed Central}
}

@article{holm1979simple,
  title={A simple sequentially rejective multiple test procedure},
  author={Holm, Sture},
  journal={Scandinavian journal of statistics},
  pages={65--70},
  year={1979},
  publisher={JSTOR}
}

@article{knottnerus2001ethics,
  title={The ethics of sample size:: Two-sided testing and one-sided thinking},
  author={Knottnerus, J Andr{\'e} and Bouter, Lex M},
  journal={Journal of Clinical Epidemiology},
  volume={54},
  number={2},
  pages={109--110},
  year={2001},
  publisher={Elsevier}
}

@article{dunnett1996alternative,
  title={An alternative to the use of two-sided tests in clinical trials},
  author={Dunnett, Charles W and Gent, Michael},
  journal={Statistics in medicine},
  volume={15},
  number={16},
  pages={1729--1738},
  year={1996},
  publisher={Wiley Online Library}
}

@misc{westfall,
  title = {Five different {“Cohen’s d”} statistics for within-subject designs},
  author = {Westfall, Jake},
  howpublished = {\url{http://jakewestfall.org/blog/index.php/2016/03/25/five-different-cohens-d-statistics-for-within-subject-designs/}},
  note = {Accessed: 2021-11-04},
  year = {2016}
}

@misc{rouder,
  title = {The Effect-Size Puzzler, The Answer},
  author = {Rouder, Jeff},
  howpublished = {\url{https://web.archive.org/web/20200212203059/http://jeffrouder.blogspot.com/2016/03/the-effect-size-puzzler-answer.html}},
  note = {Accessed: 2021-11-05},
  year = {2016}
}



