@article{smit2006costs,
  title={Costs of nine common mental disorders: implications for curative and preventive psychiatry},
  author={Smit, HFE and Cuijpers, Pim and Oostenbrink, Jan and Batelaan, NM and de Graaf, Ron and Beekman, AJ},
  journal={The journal of mental health policy and economics},
  volume={9},
  number={4},
  pages={193--200},
  year={2006},
  publisher={ICMPE}
}

