@article{sibbald1998understanding,
  title={Understanding controlled trials. Why are randomised controlled trials important?},
  author={Sibbald, Bonnie and Roland, Martin},
  journal={BMJ: British Medical Journal},
  volume={316},
  number={7126},
  pages={201},
  year={1998},
  publisher={BMJ Publishing Group}
}

@article{hariton2018randomised,
  title={Randomised controlled trials—the gold standard for effectiveness research},
  author={Hariton, Eduardo and Locascio, Joseph J},
  journal={BJOG: an international journal of obstetrics and gynaecology},
  volume={125},
  number={13},
  pages={1716},
  year={2018},
  publisher={NIH Public Access}
}

@article{lilienfeld2018randomised,
  title={Why randomised controlled trials of psychological treatments are still essential},
  author={Lilienfeld, Scott O and McKay, Dean and Hollon, Steven D},
  journal={The Lancet Psychiatry},
  volume={5},
  number={7},
  pages={536--538},
  year={2018},
  publisher={Elsevier}
}

@article{akobeng2005understanding,
  title={Understanding randomised controlled trials},
  author={Akobeng, Al K},
  journal={Archives of disease in childhood},
  volume={90},
  number={8},
  pages={840--844},
  year={2005},
  publisher={BMJ Publishing Group Ltd}
}

@article{backmann2017s,
  title={What’s in a gold standard? In defence of randomised controlled trials},
  author={Backmann, Marius},
  journal={Medicine, Health Care and Philosophy},
  volume={20},
  number={4},
  pages={513--523},
  year={2017},
  publisher={Springer}
}

@article{cartwright2011predicting,
  title={Predicting what will happen when we act. What counts for warrant?},
  author={Cartwright, Nancy},
  journal={Preventive medicine},
  volume={53},
  number={4-5},
  pages={221--224},
  year={2011},
  publisher={Elsevier}
}

@article{cartwright2007rcts,
  title={Are RCTs the gold standard?},
  author={Cartwright, Nancy},
  journal={BioSocieties},
  volume={2},
  number={1},
  pages={11--20},
  year={2007},
  publisher={Cambridge University Press}
}

@article{kaptchuk2001double,
  title={The double-blind, randomized, placebo-controlled trial: gold standard or golden calf?},
  author={Kaptchuk, Ted J},
  journal={Journal of clinical epidemiology},
  volume={54},
  number={6},
  pages={541--549},
  year={2001},
  publisher={Elsevier}
}

@article{grossman2005randomized,
  title={The randomized controlled trial: gold standard, or merely standard?},
  author={Grossman, Jason and Mackenzie, Fiona J},
  journal={Perspectives in biology and medicine},
  volume={48},
  number={4},
  pages={516--534},
  year={2005},
  publisher={Johns Hopkins University Press}
}

@book{why,
  title={The book of why: the new science of cause and effect},
  author={Pearl, Judea and Mackenzie, Dana},
  year={2018},
  publisher={Basic books}
}

@article{greenland1999causal,
  title={Causal diagrams for epidemiologic research},
  author={Greenland, Sander and Pearl, Judea and Robins, James M},
  journal={Epidemiology},
  pages={37--48},
  year={1999},
  publisher={JSTOR}
}

@book{pearl2009causality,
  title={Causality},
  author={Pearl, Judea},
  year={2009},
  publisher={Cambridge university press}
}

@article{rubin1974estimating,
  title={Estimating causal effects of treatments in randomized and nonrandomized studies.},
  author={Rubin, Donald B},
  journal={Journal of educational Psychology},
  volume={66},
  number={5},
  pages={688},
  year={1974},
  publisher={American Psychological Association}
}

@article{greenland1986identifiability,
  title={Identifiability, exchangeability, and epidemiological confounding},
  author={Greenland, Sander and Robins, James M},
  journal={International journal of epidemiology},
  volume={15},
  number={3},
  pages={413--419},
  year={1986},
  publisher={Oxford University Press}
}

@article{greenland2009identifiability,
  title={Identifiability, exchangeability and confounding revisited},
  author={Greenland, Sander and Robins, James M},
  journal={Epidemiologic Perspectives \& Innovations},
  volume={6},
  number={1},
  pages={1--9},
  year={2009},
  publisher={BioMed Central}
}

@book{lehmann2011fisher,
  title={Fisher, Neyman, and the creation of classical statistics},
  author={Lehmann, Erich L},
  year={2011},
  publisher={Springer Science \& Business Media}
}

@article{moher2012consort,
  title={CONSORT 2010 explanation and elaboration: updated guidelines for reporting parallel group randomised trials},
  author={Moher, David and Hopewell, Sally and Schulz, Kenneth F and Montori, Victor and G{\o}tzsche, Peter C and Devereaux, PJ and Elbourne, Diana and Egger, Matthias and Altman, Douglas G},
  journal={International journal of surgery},
  volume={10},
  number={1},
  pages={28--55},
  year={2012},
  publisher={Elsevier}
}

@article{altman1985comparability,
  title={Comparability of randomised groups},
  author={Altman, Douglas G},
  journal={Journal of the Royal Statistical Society: Series D (The Statistician)},
  volume={34},
  number={1},
  pages={125--136},
  year={1985},
  publisher={Wiley Online Library}
}

@article{de2015testing,
  title={Testing for baseline differences in randomized controlled trials: an unhealthy research behavior that is hard to eradicate},
  author={De Boer, Michiel R and Waterlander, Wilma E and Kuijper, Lothar DJ and Steenhuis, Ingrid HM and Twisk, Jos WR},
  journal={International Journal of Behavioral Nutrition and Physical Activity},
  volume={12},
  number={1},
  pages={1--8},
  year={2015},
  publisher={BioMed Central}
}

@article{austin2010substantial,
  title={A substantial and confusing variation exists in handling of baseline covariates in randomized controlled trials: a review of trials published in leading medical journals},
  author={Austin, Peter C and Manca, Andrea and Zwarenstein, Merrick and Juurlink, David N and Stanbrook, Matthew B},
  journal={Journal of clinical epidemiology},
  volume={63},
  number={2},
  pages={142--153},
  year={2010},
  publisher={Elsevier}
}

@article{schumi2011through,
  title={Through the looking glass: understanding non-inferiority},
  author={Schumi, Jennifer and Wittes, Janet T},
  journal={Trials},
  volume={12},
  number={1},
  pages={1--12},
  year={2011},
  publisher={BioMed Central}
}